<record><leader>00000cas a22000007a 4500</leader><controlfield tag="001">24949306</controlfield><controlfield tag="008">911213d19091913riudn ne      0    0eng d</controlfield><datafield ind1=" " ind2=" " tag="010"><subfield code="a">sn 91070635 </subfield></datafield><datafield ind1=" " ind2=" " tag="040"><subfield code="a">RHN</subfield><subfield code="b">eng</subfield><subfield code="c">RHN</subfield><subfield code="d">OCLCQ</subfield><subfield code="d">OCLCF</subfield><subfield code="d">OCLCO</subfield><subfield code="d">IUL</subfield></datafield><datafield ind1=" " ind2=" " tag="042"><subfield code="a">msc</subfield></datafield><datafield ind1=" " ind2=" " tag="043"><subfield code="a">n-us-ri</subfield></datafield><datafield ind1="0" ind2="4" tag="245"><subfield code="a">The Evening news and the news-democrat.</subfield></datafield><datafield ind1="3" ind2="0" tag="246"><subfield code="a">Evening news</subfield></datafield><datafield ind1="3" ind2="0" tag="246"><subfield code="a">News-democrat</subfield></datafield><datafield ind1=" " ind2=" " tag="260"><subfield code="a">Providence, R.I. :</subfield><subfield code="b">[s.n.]</subfield></datafield><datafield ind1=" " ind2=" " tag="300"><subfield code="a">v.</subfield></datafield><datafield ind1=" " ind2=" " tag="310"><subfield code="a">Daily (except Sun. and holidays)</subfield></datafield><datafield ind1="0" ind2=" " tag="362"><subfield code="a">Vol. 35, no. 117 (Mar. 22, 1909)-v. 43, no. 103 (Sept. 15, 1913).</subfield></datafield><datafield ind1=" " ind2=" " tag="500"><subfield code="a">Published as: The Evening news, Sept. 16, 1910-Feb. 8, 1911.</subfield></datafield><datafield ind1=" " ind2="0" tag="651"><subfield code="a">Providence (R.I.)</subfield><subfield code="v">Newspapers.</subfield></datafield><datafield ind1=" " ind2="7" tag="651"><subfield code="a">Rhode Island</subfield><subfield code="z">Providence.</subfield><subfield code="2">fast</subfield><subfield code="0">(OCoLC)fst01204977</subfield></datafield><datafield ind1=" " ind2="7" tag="655"><subfield code="a">Newspapers.</subfield><subfield code="2">fast</subfield><subfield code="0">(OCoLC)fst01423814</subfield></datafield><datafield ind1=" " ind2=" " tag="752"><subfield code="a">United States</subfield><subfield code="b">Rhode Island</subfield><subfield code="c">Providence</subfield><subfield code="d">Providence.</subfield></datafield><datafield ind1="0" ind2="0" tag="780"><subfield code="t">News-democrat (Providence, R.I.)</subfield><subfield code="w">(DLC)sn 91070633</subfield><subfield code="w">(OCoLC)24949132</subfield></datafield><datafield ind1="0" ind2="0" tag="785"><subfield code="t">Evening news (Providence, R.I. : 1913)</subfield><subfield code="w">(DLC)sn 91070640</subfield><subfield code="w">(OCoLC)24949350</subfield></datafield><datafield ind1="1" ind2=" " tag="029"><subfield code="a">AU@</subfield><subfield code="b">000025871832</subfield></datafield></record>